@misc{Prototipo,
    author    = "Mauro Pellonara",
    title     = "Prototipo navigabile dell'applicazione mobile",
    url       = "https://mauro886267.invisionapp.com/console/share/7Z10U19EHJ/476334736"
}

@misc{GitHub,
    author    = "Mauro Pellonara",
    title     = "Repository dedicata al progetto caricata su GitHub",
    url       = "https://github.com/MauroPello/elaborato"
}